<?xml version="1.0" encoding="UTF-8"?>
<collection xmlns="http://www.loc.gov/MARC21/slim">
 <record>
  <leader>04800cam a2200529Ia 4500</leader>
  <controlfield tag="001">8352535</controlfield>
  <controlfield tag="005">20110518105900.0</controlfield>
  <controlfield tag="006">m        d        </controlfield>
  <controlfield tag="007">cr |||||||||||</controlfield>
  <controlfield tag="008">110322s2010    iluabe  ob    100 0 eng  </controlfield>
  <datafield tag="020" ind1=" " ind2=" ">
   <subfield code="a">188592366X (pbk.)</subfield>
  </datafield>
  <datafield tag="020" ind1=" " ind2=" ">
   <subfield code="a">9781885923660 (pbk.)</subfield>
  </datafield>
  <datafield tag="035" ind1=" " ind2=" ">
   <subfield code="a">(OCoLC)708097350</subfield>
  </datafield>
  <datafield tag="035" ind1=" " ind2=" ">
   <subfield code="a">8352535</subfield>
  </datafield>
  <datafield tag="040" ind1=" " ind2=" ">
   <subfield code="a">CGU</subfield>
   <subfield code="c">CGU</subfield>
  </datafield>
  <datafield tag="043" ind1=" " ind2=" ">
   <subfield code="a">aw-----</subfield>
  </datafield>
  <datafield tag="049" ind1=" " ind2=" ">
   <subfield code="a">CGUA</subfield>
  </datafield>
  <datafield tag="050" ind1=" " ind2="4">
   <subfield code="a">GN778.2.U22</subfield>
   <subfield code="b">B49 2010</subfield>
  </datafield>
  <datafield tag="245" ind1="0" ind2="0">
   <subfield code="a">Beyond the Ubaid</subfield>
   <subfield code="h">[electronic resource] :</subfield>
   <subfield code="b">transformation and integration in the late prehistoric societies of the Middle East /</subfield>
   <subfield code="c">edited by Robert A. Carter and Graham Philip.</subfield>
  </datafield>
  <datafield tag="246" ind1="3" ind2="0">
   <subfield code="a">Transformation and integration in the late prehistoric societies of the Middle East</subfield>
  </datafield>
  <datafield tag="260" ind1=" " ind2=" ">
   <subfield code="a">Chicago, Ill. :</subfield>
   <subfield code="b">Oriental Institute of the University of Chicago,</subfield>
   <subfield code="c">2010.</subfield>
  </datafield>
  <datafield tag="300" ind1=" " ind2=" ">
   <subfield code="a">1 online resource (vii, 394 p. :</subfield>
   <subfield code="b">ill., maps, plans)</subfield>
  </datafield>
  <datafield tag="490" ind1="1" ind2=" ">
   <subfield code="a">Studies in ancient oriental civilization ;</subfield>
   <subfield code="v">no. 63</subfield>
  </datafield>
  <datafield tag="500" ind1=" " ind2=" ">
   <subfield code="a">&quot;Papers from The Ubaid Expansion? Cultural Meaning, Identity and the Lead-up to Urbanism, international workshop held at Grey College, University of Durham, 20-22 April 2006.&quot;</subfield>
  </datafield>
  <datafield tag="504" ind1=" " ind2=" ">
   <subfield code="a">Includes bibliographical references.</subfield>
  </datafield>
  <datafield tag="505" ind1="0" ind2="0">
   <subfield code="t">Deconstructing the Ubaid /</subfield>
   <subfield code="r">Robert A. Carter and Graham Philip --</subfield>
   <subfield code="t">Local identities and interaction spheres : modeling regional variation in the Ubaid horizon /</subfield>
   <subfield code="r">Gil J. Stein --</subfield>
   <subfield code="t">More thoughts on the Ubaid period /</subfield>
   <subfield code="r">Joan Oates --</subfield>
   <subfield code="t">The Halaf-Ubaid transition : a transformation without a center? /</subfield>
   <subfield code="r">Philip Karsgaard --</subfield>
   <subfield code="t">Questioning the Halaf-Ubaid transition /</subfield>
   <subfield code="r">Stuart Campbell and Alexandra Fletcher --</subfield>
   <subfield code="t">The dead hand of Deimel /</subfield>
   <subfield code="r">McGuire Gibson --</subfield>
   <subfield code="t">Practices of daily life in fifth-millennium B.C. Iran and Mesopotamia /</subfield>
   <subfield code="r">Susan Pollock --</subfield>
   <subfield code="t">Figuring out identity : the body and identity in the Ubaid /</subfield>
   <subfield code="r">Karina Croucher --</subfield>
   <subfield code="t">Ubaid headshaping : negotiations of identity through physical appearance? /</subfield>
   <subfield code="r">Kirsi O. Lorentz --</subfield>
   <subfield code="t">A snake in the grass : reassessing the ever-intriguing Ophidian figurines /</subfield>
   <subfield code="r">Aurelie Daems --</subfield>
   <subfield code="t">The term &quot;Hajji Muhammad&quot; : a re-evaluation /</subfield>
   <subfield code="r">Harriet Crawford --</subfield>
   <subfield code="t">The development of wool exploitation in Ubaid-period settlements of North Mesopotamia /</subfield>
   <subfield code="r">Hiroshi Sudo --</subfield>
   <subfield code="t">Ubaid lithics revisited : their significance for the interpretation of Ubaid society /</subfield>
   <subfield code="r">Elizabeth Healey --</subfield>
   <subfield code="t">Buttress-recess architecture and status symbolism in the Ubaid period /</subfield>
   <subfield code="r">Uwe Sievertsen --</subfield>
   <subfield code="t">A monumental failure : the collapse of Susa /</subfield>
   <subfield code="r">Frank Hole --</subfield>
   <subfield code="t">Ubaid-related-related? : the &quot;black-on-buff&quot; ceramic traditions of highland southwest Iran /</subfield>
   <subfield code="r">Lloyd Weeks, Cameron A. Petrie, and Daniel T. Potts --</subfield>
   <subfield code="t">Bakun-period sites in Darre-Ye Bolāghi, Fars /</subfield>
   <subfield code="r">Barbara Helwing and Mojgan Seyedin --</subfield>
   <subfield code="t">The emergence of Ubaid styles at Tell Kurdu : a local perspective /</subfield>
   <subfield code="r">Rana Özbal --</subfield>
   <subfield code="t">An aspect of the Ubaid intrusion in the Syrian Upper Euphrates Valley /</subfield>
   <subfield code="r">Yayoi Yamazaki --</subfield>
   <subfield code="t">The Ubaid in the Balikh Valley, Northern Syria : Balikh periods IV-V /</subfield>
   <subfield code="r">Maria Giuseppina Trentin --</subfield>
   <subfield code="t">Networks of interregional interaction during Mesopotamia's Ubaid period /</subfield>
   <subfield code="r">Bradley J. Parker --</subfield>
   <subfield code="t">Exploring social organizational aspects of the Ubaid communities : a case study of Değirmentepe in eastern Turkey /</subfield>
   <subfield code="r">Bekir Gurdil --</subfield>
   <subfield code="t">Godedzor, a Late Ubaid-related settlement in the Southern Caucasus /</subfield>
   <subfield code="r">Christine Chataigner ... [et al.].</subfield>
  </datafield>
  <datafield tag="650" ind1=" " ind2="0">
   <subfield code="a">Ubaid culture</subfield>
   <subfield code="v">Congresses.</subfield>
  </datafield>
  <datafield tag="650" ind1=" " ind2="0">
   <subfield code="a">Antiquities, Prehistoric</subfield>
   <subfield code="z">Middle East</subfield>
   <subfield code="v">Congresses.</subfield>
  </datafield>
  <datafield tag="650" ind1=" " ind2="0">
   <subfield code="a">Excavations (Archaeology)</subfield>
   <subfield code="z">Middle East</subfield>
   <subfield code="v">Congresses.</subfield>
  </datafield>
  <datafield tag="651" ind1=" " ind2="0">
   <subfield code="a">Middle East</subfield>
   <subfield code="x">Civilization</subfield>
   <subfield code="y">To 622</subfield>
   <subfield code="v">Congresses.</subfield>
  </datafield>
  <datafield tag="651" ind1=" " ind2="0">
   <subfield code="a">Middle East</subfield>
   <subfield code="x">Antiquities</subfield>
   <subfield code="v">Congresses.</subfield>
  </datafield>
  <datafield tag="650" ind1=" " ind2="7">
   <subfield code="a">Antiquities.</subfield>
   <subfield code="2">fast</subfield>
   <subfield code="0">http://id.worldcat.org/fast/fst00810745</subfield>
  </datafield>
  <datafield tag="650" ind1=" " ind2="7">
   <subfield code="a">Antiquities, Prehistoric.</subfield>
   <subfield code="2">fast</subfield>
   <subfield code="0">http://id.worldcat.org/fast/fst00810762</subfield>
  </datafield>
  <datafield tag="650" ind1=" " ind2="7">
   <subfield code="a">Civilization.</subfield>
   <subfield code="2">fast</subfield>
   <subfield code="0">http://id.worldcat.org/fast/fst00862898</subfield>
  </datafield>
  <datafield tag="650" ind1=" " ind2="7">
   <subfield code="a">Excavations (Archaeology)</subfield>
   <subfield code="2">fast</subfield>
   <subfield code="0">http://id.worldcat.org/fast/fst00917564</subfield>
  </datafield>
  <datafield tag="650" ind1=" " ind2="7">
   <subfield code="a">Ubaid culture.</subfield>
   <subfield code="2">fast</subfield>
   <subfield code="0">http://id.worldcat.org/fast/fst01160275</subfield>
  </datafield>
  <datafield tag="651" ind1=" " ind2="7">
   <subfield code="a">Middle East.</subfield>
   <subfield code="2">fast</subfield>
   <subfield code="0">http://id.worldcat.org/fast/fst01241586</subfield>
  </datafield>
  <datafield tag="648" ind1=" " ind2="7">
   <subfield code="a">To 622</subfield>
   <subfield code="2">fast</subfield>
  </datafield>
  <datafield tag="655" ind1=" " ind2="7">
   <subfield code="a">Conference papers and proceedings.</subfield>
   <subfield code="2">fast</subfield>
   <subfield code="0">http://id.worldcat.org/fast/fst01423772</subfield>
  </datafield>
  <datafield tag="700" ind1="1" ind2=" ">
   <subfield code="a">Carter, Robert A.,</subfield>
   <subfield code="d">1969-</subfield>
  </datafield>
  <datafield tag="700" ind1="1" ind2=" ">
   <subfield code="a">Philip, Graham.</subfield>
  </datafield>
  <datafield tag="710" ind1="2" ind2=" ">
   <subfield code="a">University of Chicago.</subfield>
   <subfield code="b">Oriental Institute.</subfield>
  </datafield>
  <datafield tag="710" ind1="2" ind2=" ">
   <subfield code="a">Grey College (University of Durham)</subfield>
  </datafield>
  <datafield tag="776" ind1="0" ind2="8">
   <subfield code="i">Print version:</subfield>
   <subfield code="t">Beyond the Ubaid.</subfield>
   <subfield code="d">Chicago, Ill. : Oriental Institute of the University of Chicago, 2010</subfield>
   <subfield code="z">9781885923660</subfield>
   <subfield code="w">(DLC) 2010926811</subfield>
   <subfield code="w">(OCoLC)646401242</subfield>
   <subfield code="w">(ICU)8373907</subfield>
  </datafield>
  <datafield tag="830" ind1=" " ind2="0">
   <subfield code="a">Studies in ancient oriental civilization ;</subfield>
   <subfield code="v">no. 63.</subfield>
  </datafield>
  <datafield tag="856" ind1="4" ind2="0">
   <subfield code="u">http://bibpurl.oclc.org/web/42131</subfield>
  </datafield>
  <datafield tag="928" ind1=" " ind2=" ">
   <subfield code="u">http://bibpurl.oclc.org/web/42131</subfield>
   <subfield code="c">FullText</subfield>
   <subfield code="l">Online</subfield>
   <subfield code="t">LCC</subfield>
   <subfield code="a">GN778.2.U22B49 2010</subfield>
  </datafield>
 </record>
</collection>
